@article{mackay2019robust,
  title={Robust contour based surface reconstruction algorithms for applications in medical imaging},
  author={Mackay, David},
  year={2019},
  publisher={University of Canterbury}
}

@inproceedings{mukundan2016reconstruction,
  title={Reconstruction of High Resolution 3D Meshes of Lung Geometry from HRCT Contours},
  author={Mukundan, Ramakrishnan},
  booktitle={2016 IEEE International Symposium on Multimedia (ISM)},
  pages={247--252},
  year={2016},
  organization={IEEE}
}

@article{meyer2009voreen,
  title={Voreen: A rapid-prototyping environment for ray-casting-based volume visualizations},
  author={Meyer-Spradow, Jennis and Ropinski, Timo and Mensmann, J{\"o}rg and Hinrichs, Klaus},
  journal={IEEE Computer Graphics and Applications},
  volume={29},
  number={6},
  pages={6--13},
  year={2009},
  publisher={IEEE}
}

@inproceedings{berger2017survey,
  title={A survey of surface reconstruction from point clouds},
  author={Berger, Matthew and Tagliasacchi, Andrea and Seversky, Lee M and Alliez, Pierre and Guennebaud, Gael and Levine, Joshua A and Sharf, Andrei and Silva, Claudio T},
  booktitle={Computer Graphics Forum},
  volume={36},
  number={1},
  pages={301--329},
  year={2017},
  organization={Wiley Online Library}
}

@article{newman2006survey,
  title={A survey of the marching cubes algorithm},
  author={Newman, Timothy S and Yi, Hong},
  journal={Computers \& Graphics},
  volume={30},
  number={5},
  pages={854--879},
  year={2006},
  publisher={Elsevier}
}

@article{akkouche2004implicit,
  title={Implicit surface reconstruction from contours},
  author={Akkouche, Samir and Galin, Eric},
  journal={The Visual Computer},
  volume={20},
  number={6},
  pages={392--401},
  year={2004},
  publisher={Springer}
}

@article{li2021method,
  title={Method of Real-Time Wellbore Surface Reconstruction Based on Spiral Contour},
  author={Li, Hongqiang and Wang, Ruihe},
  journal={Energies},
  volume={14},
  number={2},
  pages={291},
  year={2021},
  publisher={Multidisciplinary Digital Publishing Institute}
}

@article{pluta2012new,
  title={New algorithm for modeling of bronchial trees},
  author={Pluta, Kacper and Janaszewski, Marcin and Postolski, Micha{\l}},
  journal={Image Processing \& Communications},
  volume={17},
  number={4},
  pages={179--190},
  year={2012}
}

@inproceedings{health2010annual,
  title={Upper South B Regional Ethics Committee Annual Report},
  booktitle={Computer Graphics Forum},
  year={2010},
  organization={Health and Disability Ethics Committees}
}

@article{chen2011automatic,
  title={Automatic lung segmentation in HRCT images},
  author={Chen, Huaqing and Mukundan, Ramakrishnan and Butler, Anthony},
  year={2011},
  publisher={University of Canterbury. Computer Science and Software Engineering}
}

@book{birkfellner2016applied,
  title={Applied medical image processing: a basic course},
  author={Birkfellner, Wolfgang},
  year={2016},
  publisher={CRC Press}
}

@inproceedings{lacroute1994fast,
  title={Fast volume rendering using a shear-warp factorization of the viewing transformation},
  author={Lacroute, Philippe and Levoy, Marc},
  booktitle={Proceedings of the 21st annual conference on Computer graphics and interactive techniques},
  pages={451--458},
  year={1994}
}

@article{lorensen1987marching,
  title={Marching cubes: A high resolution 3D surface construction algorithm},
  author={Lorensen, William E and Cline, Harvey E},
  journal={ACM siggraph computer graphics},
  volume={21},
  number={4},
  pages={163--169},
  year={1987},
  publisher={ACM New York, NY, USA}
}

@article{pu2008adaptive,
  title={Adaptive border marching algorithm: automatic lung segmentation on chest CT images},
  author={Pu, Jiantao and Roos, Justus and Chin, A Yi and Napel, Sandy and Rubin, Geoffrey D and Paik, David S},
  journal={Computerized Medical Imaging and Graphics},
  volume={32},
  number={6},
  pages={452--462},
  year={2008},
  publisher={Elsevier}
}

@inproceedings{barrett1994image,
  title={An image space algorithm for morphological contour interpolation},
  author={Barrett, William and Mortensen, Eric and Taylor, David},
  booktitle={Graphics Interface},
  pages={16--16},
  year={1994},
  organization={CANADIAN INFORMATION PROCESSING SOCIETY}
}

@misc{ohiotexture,
  key={ohio},
  title={Texture-based Volume Rendering},
  publisher={The Ohio State University},
  note={Accessed from https://web.cse.ohio-state.edu/~crawfis.3/cis694L/Slides/TextureSlicing.pdf}
}

@inproceedings{mitra2003estimating,
  title={Estimating surface normals in noisy point cloud data},
  author={Mitra, Niloy J and Nguyen, An},
  booktitle={Proceedings of the nineteenth annual symposium on Computational geometry},
  pages={322--328},
  year={2003}
}

@incollection{guennebaud2007algebraic,
  title={Algebraic point set surfaces},
  author={Guennebaud, Ga{\"e}l and Gross, Markus},
  booktitle={ACM SIGGRAPH 2007 papers},
  pages={23--es},
  year={2007}
}

@inproceedings{oztireli2009feature,
  title={Feature preserving point set surfaces based on non-linear kernel regression},
  author={{\"O}ztireli, A Cengiz and Guennebaud, Gael and Gross, Markus},
  booktitle={Computer Graphics Forum},
  volume={28},
  number={2},
  pages={493--501},
  year={2009},
  organization={Wiley Online Library}
}

@article{fishman2006volume,
  title={Volume rendering versus maximum intensity projection in CT angiography: what works best, when, and why},
  author={Fishman, Elliot K and Ney, Derek R and Heath, David G and Corl, Frank M and Horton, Karen M and Johnson, Pamela T},
  journal={Radiographics},
  volume={26},
  number={3},
  pages={905--922},
  year={2006},
  publisher={Radiological Society of North America}
}

@article{braude2007contour,
  title={Contour-based surface reconstruction using mpu implicit models},
  author={Braude, Ilya and Marker, Jeffrey and Museth, Ken and Nissanov, Jonathan and Breen, David},
  journal={Graphical models},
  volume={69},
  number={2},
  pages={139--157},
  year={2007},
  publisher={Elsevier}
}

@inproceedings{taubin2012smooth,
  title={Smooth signed distance surface reconstruction and applications},
  author={Taubin, Gabriel},
  booktitle={Iberoamerican Congress on Pattern Recognition},
  pages={38--45},
  year={2012},
  organization={Springer}
}

@article{herbert2001contour,
  title={Contour correspondence for serial section reconstruction: complex scenarios in palaeontology},
  author={Herbert, Malcolm J and Jones, Christopher B},
  journal={Computers \& geosciences},
  volume={27},
  number={4},
  pages={427--440},
  year={2001},
  publisher={Elsevier}
}

@inproceedings{pan2017comparison,
  title={Comparison of medical image 3D reconstruction rendering methods for robot-assisted surgery},
  author={Pan, Zhaoxi and Tian, Song and Guo, Mengzhao and Zhang, Jianxun and Yu, Ningbo and Xin, Yunwei},
  booktitle={2017 2nd International Conference on Advanced Robotics and Mechatronics (ICARM)},
  pages={94--99},
  year={2017},
  organization={IEEE}
}

@article{lim2016use,
  title={Use of 3D printed models in medical education: a randomized control trial comparing 3D prints versus cadaveric materials for learning external cardiac anatomy},
  author={Lim, Kah Heng Alexander and Loo, Zhou Yaw and Goldie, Stephen J and Adams, Justin W and McMenamin, Paul G},
  journal={Anatomical sciences education},
  volume={9},
  number={3},
  pages={213--221},
  year={2016},
  publisher={Wiley Online Library}
}

@article{carr1996surface,
  title={Surface reconstruction in 3D medical imaging},
  author={Carr, Jonathan},
  year={1996},
  publisher={University of Canterbury. Electrical Engineering}
}